%YAML 1.1
%TAG !u! tag:unity3d.com,2011:
--- !u!1 &5386109484576724216
GameObject:
  m_ObjectHideFlags: 0
  m_CorrespondingSourceObject: {fileID: 0}
  m_PrefabInstance: {fileID: 0}
  m_PrefabAsset: {fileID: 0}
  serializedVersion: 6
  m_Component:
  - component: {fileID: 5386109484576724217}
  m_Layer: 0
  m_Name: Begin
  m_TagString: Untagged
  m_Icon: {fileID: 0}
  m_NavMeshLayer: 0
  m_StaticEditorFlags: 0
  m_IsActive: 1
--- !u!4 &5386109484576724217
Transform:
  m_ObjectHideFlags: 0
  m_CorrespondingSourceObject: {fileID: 0}
  m_PrefabInstance: {fileID: 0}
  m_PrefabAsset: {fileID: 0}
  m_GameObject: {fileID: 5386109484576724216}
  m_LocalRotation: {x: -0, y: -0, z: -0, w: 1}
  m_LocalPosition: {x: 0, y: -5, z: 0}
  m_LocalScale: {x: 1, y: 1, z: 1}
  m_Children: []
  m_Father: {fileID: 5386109486027577809}
  m_RootOrder: 4
  m_LocalEulerAnglesHint: {x: 0, y: 0, z: 0}
--- !u!1 &5386109485777171420
GameObject:
  m_ObjectHideFlags: 0
  m_CorrespondingSourceObject: {fileID: 0}
  m_PrefabInstance: {fileID: 0}
  m_PrefabAsset: {fileID: 0}
  serializedVersion: 6
  m_Component:
  - component: {fileID: 5386109485777171421}
  m_Layer: 0
  m_Name: End
  m_TagString: Untagged
  m_Icon: {fileID: 0}
  m_NavMeshLayer: 0
  m_StaticEditorFlags: 0
  m_IsActive: 1
--- !u!4 &5386109485777171421
Transform:
  m_ObjectHideFlags: 0
  m_CorrespondingSourceObject: {fileID: 0}
  m_PrefabInstance: {fileID: 0}
  m_PrefabAsset: {fileID: 0}
  m_GameObject: {fileID: 5386109485777171420}
  m_LocalRotation: {x: -0, y: -0, z: -0, w: 1}
  m_LocalPosition: {x: 0, y: 7.5, z: 0}
  m_LocalScale: {x: 1, y: 1, z: 1}
  m_Children: []
  m_Father: {fileID: 5386109486027577809}
  m_RootOrder: 5
  m_LocalEulerAnglesHint: {x: 0, y: 0, z: 0}
--- !u!1 &5386109486027577808
GameObject:
  m_ObjectHideFlags: 0
  m_CorrespondingSourceObject: {fileID: 0}
  m_PrefabInstance: {fileID: 0}
  m_PrefabAsset: {fileID: 0}
  serializedVersion: 6
  m_Component:
  - component: {fileID: 5386109486027577809}
  - component: {fileID: 5386109486027577810}
  m_Layer: 0
  m_Name: Chunk_13
  m_TagString: Untagged
  m_Icon: {fileID: 0}
  m_NavMeshLayer: 0
  m_StaticEditorFlags: 0
  m_IsActive: 1
--- !u!4 &5386109486027577809
Transform:
  m_ObjectHideFlags: 0
  m_CorrespondingSourceObject: {fileID: 0}
  m_PrefabInstance: {fileID: 0}
  m_PrefabAsset: {fileID: 0}
  m_GameObject: {fileID: 5386109486027577808}
  m_LocalRotation: {x: 0, y: 0, z: 0, w: 1}
  m_LocalPosition: {x: 0, y: 12, z: 0}
  m_LocalScale: {x: 1, y: 1, z: 1}
  m_Children:
  - {fileID: 5754210473688674736}
  - {fileID: 5754210474442790771}
  - {fileID: 4896025317200812814}
  - {fileID: 7160605515431235063}
  - {fileID: 5386109484576724217}
  - {fileID: 5386109485777171421}
  m_Father: {fileID: 0}
  m_RootOrder: 0
  m_LocalEulerAnglesHint: {x: 0, y: 0, z: 0}
--- !u!114 &5386109486027577810
MonoBehaviour:
  m_ObjectHideFlags: 0
  m_CorrespondingSourceObject: {fileID: 0}
  m_PrefabInstance: {fileID: 0}
  m_PrefabAsset: {fileID: 0}
  m_GameObject: {fileID: 5386109486027577808}
  m_Enabled: 1
  m_EditorHideFlags: 0
  m_Script: {fileID: 11500000, guid: 5dbd2590d4169a44baead607b8d86476, type: 3}
  m_Name: 
  m_EditorClassIdentifier: 
  Begin: {fileID: 5386109484576724217}
  End: {fileID: 5386109485777171421}
  ChanceFromDistance:
    serializedVersion: 2
    m_Curve:
    - serializedVersion: 3
      time: 0
      value: 0.1
      inSlope: 0.006
      outSlope: 0.006
      tangentMode: 34
      weightedMode: 0
      inWeight: 0
      outWeight: 0.33333334
    - serializedVersion: 3
      time: 150
      value: 1
      inSlope: 0.006
      outSlope: 0.006
      tangentMode: 34
      weightedMode: 0
      inWeight: 0.33333334
      outWeight: 0
    m_PreInfinity: 2
    m_PostInfinity: 2
    m_RotationOrder: 4
--- !u!114 &4808474814661346781
MonoBehaviour:
  m_ObjectHideFlags: 0
  m_CorrespondingSourceObject: {fileID: 0}
  m_PrefabInstance: {fileID: 0}
  m_PrefabAsset: {fileID: 0}
  m_GameObject: {fileID: 5754210473688674739}
  m_Enabled: 1
  m_EditorHideFlags: 0
  m_Script: {fileID: 11500000, guid: e9e2af716925f6a4180d34888b57708a, type: 3}
  m_Name: 
  m_EditorClassIdentifier: 
  ChanceOfStaying: 0.5
--- !u!1001 &5386109485296766637
PrefabInstance:
  m_ObjectHideFlags: 0
  serializedVersion: 2
  m_Modification:
    m_TransformParent: {fileID: 5386109486027577809}
    m_Modifications:
    - target: {fileID: 3017652325876663130, guid: 97b1d8beffce75d4ca6328d6a123f510,
        type: 3}
      propertyPath: m_LocalPosition.x
      value: -2
      objectReference: {fileID: 0}
    - target: {fileID: 3017652325876663130, guid: 97b1d8beffce75d4ca6328d6a123f510,
        type: 3}
      propertyPath: m_LocalPosition.y
      value: 3
      objectReference: {fileID: 0}
    - target: {fileID: 3017652325876663130, guid: 97b1d8beffce75d4ca6328d6a123f510,
        type: 3}
      propertyPath: m_LocalPosition.z
      value: 0
      objectReference: {fileID: 0}
    - target: {fileID: 3017652325876663130, guid: 97b1d8beffce75d4ca6328d6a123f510,
        type: 3}
      propertyPath: m_LocalRotation.x
      value: -0
      objectReference: {fileID: 0}
    - target: {fileID: 3017652325876663130, guid: 97b1d8beffce75d4ca6328d6a123f510,
        type: 3}
      propertyPath: m_LocalRotation.y
      value: -0
      objectReference: {fileID: 0}
    - target: {fileID: 3017652325876663130, guid: 97b1d8beffce75d4ca6328d6a123f510,
        type: 3}
      propertyPath: m_LocalRotation.z
      value: 0.3420201
      objectReference: {fileID: 0}
    - target: {fileID: 3017652325876663130, guid: 97b1d8beffce75d4ca6328d6a123f510,
        type: 3}
      propertyPath: m_LocalRotation.w
      value: 0.9396927
      objectReference: {fileID: 0}
    - target: {fileID: 3017652325876663130, guid: 97b1d8beffce75d4ca6328d6a123f510,
        type: 3}
      propertyPath: m_RootOrder
      value: 3
      objectReference: {fileID: 0}
    - target: {fileID: 3017652325876663130, guid: 97b1d8beffce75d4ca6328d6a123f510,
        type: 3}
      propertyPath: m_LocalEulerAnglesHint.x
      value: 0
      objectReference: {fileID: 0}
    - target: {fileID: 3017652325876663130, guid: 97b1d8beffce75d4ca6328d6a123f510,
        type: 3}
      propertyPath: m_LocalEulerAnglesHint.y
      value: 0
      objectReference: {fileID: 0}
    - target: {fileID: 3017652325876663130, guid: 97b1d8beffce75d4ca6328d6a123f510,
        type: 3}
      propertyPath: m_LocalEulerAnglesHint.z
      value: 40
      objectReference: {fileID: 0}
    - target: {fileID: 3017652325876663134, guid: 97b1d8beffce75d4ca6328d6a123f510,
        type: 3}
      propertyPath: m_ConnectedAnchor.x
      value: -2.2435288
      objectReference: {fileID: 0}
    - target: {fileID: 3017652325876663134, guid: 97b1d8beffce75d4ca6328d6a123f510,
        type: 3}
      propertyPath: m_ConnectedAnchor.y
      value: 13.189992
      objectReference: {fileID: 0}
    - target: {fileID: 3017652325876663135, guid: 97b1d8beffce75d4ca6328d6a123f510,
        type: 3}
      propertyPath: m_Name
      value: Scythe_left
      objectReference: {fileID: 0}
    m_RemovedComponents: []
  m_SourcePrefab: {fileID: 100100000, guid: 97b1d8beffce75d4ca6328d6a123f510, type: 3}
--- !u!4 &7160605515431235063 stripped
Transform:
  m_CorrespondingSourceObject: {fileID: 3017652325876663130, guid: 97b1d8beffce75d4ca6328d6a123f510,
    type: 3}
  m_PrefabInstance: {fileID: 5386109485296766637}
  m_PrefabAsset: {fileID: 0}
--- !u!1001 &5386109485781186045
PrefabInstance:
  m_ObjectHideFlags: 0
  serializedVersion: 2
  m_Modification:
    m_TransformParent: {fileID: 5386109486027577809}
    m_Modifications:
    - target: {fileID: 388508010506871432, guid: db628899b7974f34d938f1d79a81a678,
        type: 3}
      propertyPath: m_SortingOrder
      value: 2
      objectReference: {fileID: 0}
    - target: {fileID: 388508010506871434, guid: db628899b7974f34d938f1d79a81a678,
        type: 3}
      propertyPath: isMoving
      value: 0
      objectReference: {fileID: 0}
    - target: {fileID: 388508010506871437, guid: db628899b7974f34d938f1d79a81a678,
        type: 3}
      propertyPath: m_Name
      value: Saw (1)
      objectReference: {fileID: 0}
    - target: {fileID: 388508010506871438, guid: db628899b7974f34d938f1d79a81a678,
        type: 3}
      propertyPath: m_LocalPosition.x
      value: -2.2
      objectReference: {fileID: 0}
    - target: {fileID: 388508010506871438, guid: db628899b7974f34d938f1d79a81a678,
        type: 3}
      propertyPath: m_LocalPosition.y
      value: 1.4
      objectReference: {fileID: 0}
    - target: {fileID: 388508010506871438, guid: db628899b7974f34d938f1d79a81a678,
        type: 3}
      propertyPath: m_LocalPosition.z
      value: 0
      objectReference: {fileID: 0}
    - target: {fileID: 388508010506871438, guid: db628899b7974f34d938f1d79a81a678,
        type: 3}
      propertyPath: m_LocalRotation.x
      value: -0
      objectReference: {fileID: 0}
    - target: {fileID: 388508010506871438, guid: db628899b7974f34d938f1d79a81a678,
        type: 3}
      propertyPath: m_LocalRotation.y
      value: -0
      objectReference: {fileID: 0}
    - target: {fileID: 388508010506871438, guid: db628899b7974f34d938f1d79a81a678,
        type: 3}
      propertyPath: m_LocalRotation.z
      value: -0
      objectReference: {fileID: 0}
    - target: {fileID: 388508010506871438, guid: db628899b7974f34d938f1d79a81a678,
        type: 3}
      propertyPath: m_LocalRotation.w
      value: 1
      objectReference: {fileID: 0}
    - target: {fileID: 388508010506871438, guid: db628899b7974f34d938f1d79a81a678,
        type: 3}
      propertyPath: m_RootOrder
      value: 1
      objectReference: {fileID: 0}
    - target: {fileID: 388508010506871438, guid: db628899b7974f34d938f1d79a81a678,
        type: 3}
      propertyPath: m_LocalEulerAnglesHint.x
      value: 0
      objectReference: {fileID: 0}
    - target: {fileID: 388508010506871438, guid: db628899b7974f34d938f1d79a81a678,
        type: 3}
      propertyPath: m_LocalEulerAnglesHint.y
      value: 0
      objectReference: {fileID: 0}
    - target: {fileID: 388508010506871438, guid: db628899b7974f34d938f1d79a81a678,
        type: 3}
      propertyPath: m_LocalEulerAnglesHint.z
      value: 0
      objectReference: {fileID: 0}
    m_RemovedComponents: []
  m_SourcePrefab: {fileID: 100100000, guid: db628899b7974f34d938f1d79a81a678, type: 3}
--- !u!4 &5754210474442790771 stripped
Transform:
  m_CorrespondingSourceObject: {fileID: 388508010506871438, guid: db628899b7974f34d938f1d79a81a678,
    type: 3}
  m_PrefabInstance: {fileID: 5386109485781186045}
  m_PrefabAsset: {fileID: 0}
--- !u!1001 &5386109485987943230
PrefabInstance:
  m_ObjectHideFlags: 0
  serializedVersion: 2
  m_Modification:
    m_TransformParent: {fileID: 5386109486027577809}
    m_Modifications:
    - target: {fileID: 388508010506871432, guid: db628899b7974f34d938f1d79a81a678,
        type: 3}
      propertyPath: m_SortingOrder
      value: 2
      objectReference: {fileID: 0}
    - target: {fileID: 388508010506871434, guid: db628899b7974f34d938f1d79a81a678,
        type: 3}
      propertyPath: isMoving
      value: 0
      objectReference: {fileID: 0}
    - target: {fileID: 388508010506871437, guid: db628899b7974f34d938f1d79a81a678,
        type: 3}
      propertyPath: m_Name
      value: Saw
      objectReference: {fileID: 0}
    - target: {fileID: 388508010506871438, guid: db628899b7974f34d938f1d79a81a678,
        type: 3}
      propertyPath: m_LocalPosition.x
      value: 2.2
      objectReference: {fileID: 0}
    - target: {fileID: 388508010506871438, guid: db628899b7974f34d938f1d79a81a678,
        type: 3}
      propertyPath: m_LocalPosition.y
      value: 1.4
      objectReference: {fileID: 0}
    - target: {fileID: 388508010506871438, guid: db628899b7974f34d938f1d79a81a678,
        type: 3}
      propertyPath: m_LocalPosition.z
      value: 0
      objectReference: {fileID: 0}
    - target: {fileID: 388508010506871438, guid: db628899b7974f34d938f1d79a81a678,
        type: 3}
      propertyPath: m_LocalRotation.x
      value: -0
      objectReference: {fileID: 0}
    - target: {fileID: 388508010506871438, guid: db628899b7974f34d938f1d79a81a678,
        type: 3}
      propertyPath: m_LocalRotation.y
      value: -0
      objectReference: {fileID: 0}
    - target: {fileID: 388508010506871438, guid: db628899b7974f34d938f1d79a81a678,
        type: 3}
      propertyPath: m_LocalRotation.z
      value: -0
      objectReference: {fileID: 0}
    - target: {fileID: 388508010506871438, guid: db628899b7974f34d938f1d79a81a678,
        type: 3}
      propertyPath: m_LocalRotation.w
      value: 1
      objectReference: {fileID: 0}
    - target: {fileID: 388508010506871438, guid: db628899b7974f34d938f1d79a81a678,
        type: 3}
      propertyPath: m_RootOrder
      value: 0
      objectReference: {fileID: 0}
    - target: {fileID: 388508010506871438, guid: db628899b7974f34d938f1d79a81a678,
        type: 3}
      propertyPath: m_LocalEulerAnglesHint.x
      value: 0
      objectReference: {fileID: 0}
    - target: {fileID: 388508010506871438, guid: db628899b7974f34d938f1d79a81a678,
        type: 3}
      propertyPath: m_LocalEulerAnglesHint.y
      value: 0
      objectReference: {fileID: 0}
    - target: {fileID: 388508010506871438, guid: db628899b7974f34d938f1d79a81a678,
        type: 3}
      propertyPath: m_LocalEulerAnglesHint.z
      value: 0
      objectReference: {fileID: 0}
    m_RemovedComponents: []
  m_SourcePrefab: {fileID: 100100000, guid: db628899b7974f34d938f1d79a81a678, type: 3}
--- !u!1 &5754210473688674739 stripped
GameObject:
  m_CorrespondingSourceObject: {fileID: 388508010506871437, guid: db628899b7974f34d938f1d79a81a678,
    type: 3}
  m_PrefabInstance: {fileID: 5386109485987943230}
  m_PrefabAsset: {fileID: 0}
--- !u!4 &5754210473688674736 stripped
Transform:
  m_CorrespondingSourceObject: {fileID: 388508010506871438, guid: db628899b7974f34d938f1d79a81a678,
    type: 3}
  m_PrefabInstance: {fileID: 5386109485987943230}
  m_PrefabAsset: {fileID: 0}
--- !u!1001 &5386109486191194587
PrefabInstance:
  m_ObjectHideFlags: 0
  serializedVersion: 2
  m_Modification:
    m_TransformParent: {fileID: 5386109486027577809}
    m_Modifications:
    - target: {fileID: 670300906605734609, guid: 30556ed56b1aff043973ca41c85a257a,
        type: 3}
      propertyPath: m_Name
      value: Scythe_right
      objectReference: {fileID: 0}
    - target: {fileID: 670300906605734610, guid: 30556ed56b1aff043973ca41c85a257a,
        type: 3}
      propertyPath: m_ConnectedAnchor.x
      value: 2.2435315
      objectReference: {fileID: 0}
    - target: {fileID: 670300906605734610, guid: 30556ed56b1aff043973ca41c85a257a,
        type: 3}
      propertyPath: m_ConnectedAnchor.y
      value: 13.190002
      objectReference: {fileID: 0}
    - target: {fileID: 670300906605734613, guid: 30556ed56b1aff043973ca41c85a257a,
        type: 3}
      propertyPath: m_LocalPosition.x
      value: 2
      objectReference: {fileID: 0}
    - target: {fileID: 670300906605734613, guid: 30556ed56b1aff043973ca41c85a257a,
        type: 3}
      propertyPath: m_LocalPosition.y
      value: 3
      objectReference: {fileID: 0}
    - target: {fileID: 670300906605734613, guid: 30556ed56b1aff043973ca41c85a257a,
        type: 3}
      propertyPath: m_LocalPosition.z
      value: 0
      objectReference: {fileID: 0}
    - target: {fileID: 670300906605734613, guid: 30556ed56b1aff043973ca41c85a257a,
        type: 3}
      propertyPath: m_LocalRotation.x
      value: -0
      objectReference: {fileID: 0}
    - target: {fileID: 670300906605734613, guid: 30556ed56b1aff043973ca41c85a257a,
        type: 3}
      propertyPath: m_LocalRotation.y
      value: -0
      objectReference: {fileID: 0}
    - target: {fileID: 670300906605734613, guid: 30556ed56b1aff043973ca41c85a257a,
        type: 3}
      propertyPath: m_LocalRotation.z
      value: -0.3420201
      objectReference: {fileID: 0}
    - target: {fileID: 670300906605734613, guid: 30556ed56b1aff043973ca41c85a257a,
        type: 3}
      propertyPath: m_LocalRotation.w
      value: 0.9396927
      objectReference: {fileID: 0}
    - target: {fileID: 670300906605734613, guid: 30556ed56b1aff043973ca41c85a257a,
        type: 3}
      propertyPath: m_RootOrder
      value: 2
      objectReference: {fileID: 0}
    - target: {fileID: 670300906605734613, guid: 30556ed56b1aff043973ca41c85a257a,
        type: 3}
      propertyPath: m_LocalEulerAnglesHint.x
      value: 0
      objectReference: {fileID: 0}
    - target: {fileID: 670300906605734613, guid: 30556ed56b1aff043973ca41c85a257a,
        type: 3}
      propertyPath: m_LocalEulerAnglesHint.y
      value: 0
      objectReference: {fileID: 0}
    - target: {fileID: 670300906605734613, guid: 30556ed56b1aff043973ca41c85a257a,
        type: 3}
      propertyPath: m_LocalEulerAnglesHint.z
      value: -40
      objectReference: {fileID: 0}
    m_RemovedComponents: []
  m_SourcePrefab: {fileID: 100100000, guid: 30556ed56b1aff043973ca41c85a257a, type: 3}
--- !u!4 &4896025317200812814 stripped
Transform:
  m_CorrespondingSourceObject: {fileID: 670300906605734613, guid: 30556ed56b1aff043973ca41c85a257a,
    type: 3}
  m_PrefabInstance: {fileID: 5386109486191194587}
  m_PrefabAsset: {fileID: 0}
